@online{1BeamWiFi,
  title = {1 Beam + Wi-Fi Hub},
  url = {https://fyta.de/products/test-single-hub},
  urldate = {2025-01-01},
  abstract = {Du möchtest, dass deine Pflanze gesund und glücklich ist?Jetzt mit dem Einsteiger-Set starten. Der Sensor ist mit 7,5 cm Bodenstäben ausgestattet. Immer grün und voller Kraft! Darauf hat deine Pflanze gewartet: Der FYTA Beam ist ein KI-gestützter, smarter Pflanzensensor, der dir dabei hilft, deine Pflanze besser zu ver},
  langid = {ngerman},
  organization = {FYTA}
}

@online{61EOBu8envLjpg1417x1417,
  title = {{{61EOBu8envL}}.Jpg (1417×1417)},
  url = {https://m.media-amazon.com/images/I/61EOBu8envL.jpg},
  urldate = {2025-01-01},
  file = {C:\Users\celin\Zotero\storage\GL5ZADIY\61EOBu8envL.html}
}

@online{71bKROAx1hL_AC_UF8941000_QL80_jpg894x894,
  title = {{{71bKROAx1hL}}.\_{{AC}}\_{{UF894}},1000\_{{QL80}}\_.Jpg (894×894)},
  url = {https://m.media-amazon.com/images/I/71bKROAx1hL._AC_UF894,1000_QL80_.jpg},
  urldate = {2025-01-01},
  file = {C:\Users\celin\Zotero\storage\RR52QBUN\71bKROAx1hL._AC_UF894,1000_QL80_.html}
}

@online{admin_buzzwooAndroidProgrammiersprachen2020,
  title = {Android Programmiersprachen},
  author = {{admin\_buzzwoo}},
  date = {2020-12-17T09:03:27+00:00},
  url = {https://www.buzzwoo.de/blog/android-programmiersprachen},
  urldate = {2024-12-08},
  abstract = {Die Wahl, für eine Android Programmiersprache, erfordert ein Verständnis ihrer individuellen Stärken und Schwächen.},
  langid = {ngerman},
  organization = {buzzwoo},
  file = {C:\Users\celin\Zotero\storage\QNH34D2W\android-programmiersprachen.html}
}

@online{arslan5BestenHandyApps,
  title = {Die 5 besten Handy-Apps für die Pflanzenpflege},
  author = {Arslan, Gülsah Asli},
  url = {https://urban-greenery.de/blog/detail/53243739d2474604a10a07fdfcc86a0f},
  urldate = {2024-12-23},
  abstract = {Die Digitalisierung hat auch vor unseren Gärten und Zimerpflanzen nicht Halt gemacht. Wir zeigen Dir die besten Handy-Apps für die Pflanzenerkennung und Pflege!},
  langid = {ngerman},
  organization = {Urban Greenery},
  file = {C:\Users\celin\Zotero\storage\RNAILZFE\die-5-besten-handy-apps-fuer-die-pflanzenpflege.html}
}

@online{bendelDefinitionSmartHome,
  type = {Text},
  title = {Definition: Smart Home},
  shorttitle = {Definition},
  author = {Bendel, Prof Dr Oliver},
  publisher = {Springer Fachmedien Wiesbaden GmbH},
  url = {https://wirtschaftslexikon.gabler.de/definition/smart-home-54137},
  urldate = {2024-11-04},
  abstract = {Was ist "Smart Home"? Definition im Gabler Wirtschaftslexikon vollständig und kostenfrei online. ✓Geprüftes Wissen beim Original.},
  langid = {ngerman},
  file = {C:\Users\celin\Zotero\storage\4SQUR69W\smart-home-54137.html}
}

@online{Blumatautonomessetmit40sondenbewasserungohnepumpeoderstromtropfblumatjpg600x600,
  title = {Blumat-Autonomes-Set-Mit-40-Sonden-Bewasserung-Ohne-Pumpe-Oder-Strom-Tropf-Blumat.Jpg (600×600)},
  url = {https://static1.growshops.fr/72275/blumat-autonomes-set-mit-40-sonden-bewasserung-ohne-pumpe-oder-strom-tropf-blumat.jpg},
  urldate = {2025-01-01},
  file = {C:\Users\celin\Zotero\storage\K89PIKKZ\blumat-autonomes-set-mit-40-sonden-bewasserung-ohne-pumpe-oder-strom-tropf-blumat.html}
}

@online{BlumatClassic,
  title = {Blumat Classic},
  url = {https://www.blumat.de/blumat-classic/},
  urldate = {2025-01-01},
  langid = {ngerman},
  organization = {Blumat}
}

@online{boellhoffKotlinVsJava2022,
  title = {Kotlin vs. Java: Stärken, Schwächen und wann man was verwendet. - K\&C},
  shorttitle = {Kotlin vs. Java},
  author = {Böllhoff, Patrick},
  date = {2022-01-18T12:12:56+00:00},
  url = {https://kruschecompany.com/de/kotlin-vs-java/, https://kruschecompany.com/de/kotlin-vs-java/},
  urldate = {2024-11-23},
  abstract = {Kotlin ist bereits die Nummer 1 was die Android-Appentwicklung angeht, nun wird es auch für andere Zwecke verwendet. Wir schauen, ob Kotlin die von Java dominierten Kerntechnologien bald übernehmen wird.},
  langid = {ngerman}
}

@online{fabriziusJetpackCompose2022,
  title = {Jetpack Compose},
  author = {Fabrizius, Jacqueline},
  date = {2022-02-07T15:24:27+00:00},
  url = {https://www.adesso-mobile.de/android-app-programmierung/jetpack-compose/},
  urldate = {2024-11-08},
  abstract = {Androids Jetpack Compose: Erfahren Sie alles über die Konzepte, Prinzipien und den Aufbau einer Architektur in einem Multi-Module-Projekt.},
  langid = {ngerman},
  organization = {adesso mobile solutions GmbH},
  file = {C:\Users\celin\Zotero\storage\JSETPBMU\jetpack-compose.html}
}

@article{fingerPrecisionFarmingNexus2019,
  title = {Precision {{Farming}} at the {{Nexus}} of {{Agricultural Production}} and the {{Environment}}},
  author = {Finger, Robert and Swinton, Scott M. and El Benni, Nadja and Walter, Achim},
  date = {2019-10-05},
  journaltitle = {Annual Review of Resource Economics},
  shortjournal = {Annu. Rev. Resour. Econ.},
  volume = {11},
  number = {1},
  pages = {313--335},
  issn = {1941-1340, 1941-1359},
  doi = {10.1146/annurev-resource-100518-093929},
  url = {https://www.annualreviews.org/doi/10.1146/annurev-resource-100518-093929},
  urldate = {2024-11-24},
  abstract = {Precision farming enables agricultural management decisions to be tailored spatially and temporally. Site-specific sensing, sampling, and managing allow farmers to treat a field as a heterogeneous entity. Through targeted use of inputs, precision farming reduces waste, thereby cutting both private variable costs and the environmental costs such as those of agrichemical residuals. At present, large farms in developed countries are the main adopters of precision farming. But its potential environmental benefits can justify greater public and private sector incentives to encourage adoption, including in small-scale farming systems in developing countries. Technological developments and big data advances continue to make precision farming tools more connected, accurate, efficient, and widely applicable. Improvements in the technical infrastructure and the legal framework can expand access to precision farming and thereby its overall societal benefits.},
  langid = {english},
  file = {C:\Users\celin\Zotero\storage\NRIITU9M\Finger et al. - 2019 - Precision Farming at the Nexus of Agricultural Production and the Environment.pdf}
}

@online{GlobalSmartHome,
  title = {Global: Smart Home Number of Users 2019-2028},
  shorttitle = {Global},
  url = {https://www.statista.com/forecasts/887613/number-of-smart-homes-in-the-smart-home-market-in-the-world},
  urldate = {2024-11-04},
  abstract = {The global number of Smart Homes in the smart home market was forecast to continuously increase between 2023 and 2028 by in total 424.5 million users (+117.69 percent).},
  langid = {english},
  organization = {Statista},
  file = {C:\Users\celin\Zotero\storage\UVMAHVVG\number-of-smart-homes-in-the-smart-home-market-in-the-world.html}
}

@online{GruenerDaumenTalent,
  title = {Grüner Daumen: Talent zur Pflanzenzucht 2022},
  shorttitle = {Grüner Daumen},
  url = {https://de.statista.com/statistik/daten/studie/1326821/umfrage/umfrage-zur-befaehigung-fuer-die-pflanzenzucht/},
  urldate = {2024-11-04},
  abstract = {Es ist nicht immer einfach, eine neue Zimmer- oder Gartenpflanze richtig zu pflegen.},
  langid = {ngerman},
  organization = {Statista},
  file = {C:\Users\celin\Zotero\storage\BI6UGTB8\umfrage-zur-befaehigung-fuer-die-pflanzenzucht.html}
}

@online{InfografikZimmerpflanzenSind2020,
  title = {Infografik: Zimmerpflanzen sind beliebt},
  shorttitle = {Infografik},
  date = {2020-03-25},
  url = {https://de.statista.com/infografik/21230/umfrage-zu-pflanzen-zuhause-und-im-garten},
  urldate = {2024-11-04},
  abstract = {Die Grafik zeigt den Anteil der Befragten, die sich zuhause an folgenden Plätzen Pflanzen halten},
  langid = {ngerman},
  organization = {Statista Daily Data},
  file = {C:\Users\celin\Zotero\storage\J2RFVSK5\umfrage-zu-pflanzen-zuhause-und-im-garten.html}
}

@online{JetpackComposeUI,
  title = {Jetpack {{Compose UI App Development Toolkit}}},
  url = {https://developer.android.com/compose},
  urldate = {2024-11-08},
  abstract = {Jetpack Compose is Android's recommended modern toolkit for building native UI. It simplifies and accelerates UI development on Android. Quickly bring your app to life with less code, powerful tools, and intuitive Kotlin APIs.},
  langid = {english},
  organization = {Android Developers}
}

@online{keppelerBoosterFuerAndroid2022,
  title = {Booster für Android Developer: Jetpack Compose im Praxis-Check},
  shorttitle = {Booster für Android Developer},
  author = {Keppeler, David Cleef und Maximilian},
  date = {2022-06-14},
  url = {https://www.cologne-intelligence.de/blog/2022},
  urldate = {2024-11-08},
  abstract = {Mit Jetpack Compose läutet Google die Zukunft von modernen Android-Apps mit deklarativen UIs ein. Max und David haben das Toolkit getestet.},
  langid = {ngerman},
  file = {C:\Users\celin\Zotero\storage\V3PIJZRZ\jetpack-compose.html}
}

@book{koflerKotlinUmfassendeHandbuch2021a,
  title = {Kotlin: das umfassende Handbuch},
  shorttitle = {Kotlin},
  author = {Kofler, Michael},
  date = {2021},
  series = {Rheinwerk Computing},
  edition = {1. Auflage},
  publisher = {Rheinwerk Verlag},
  location = {Bonn},
  abstract = {Intro -- Vorwort -- TEIL I Kotlin -- 1 Hello World! -- 1.1 Über Kotlin -- 1.2 Installation -- 1.3 »Hello World!« mit und ohne IDE ausführen -- 2 Crashkurs -- 2.1 Elementare Syntaxregeln -- 2.2 Konventionen -- 2.3 Von Java zu Kotlin -- 3 Operatoren -- 3.1 Übersicht -- 3.2 Anmerkungen -- 3.3 Priorität von Operatoren -- 4 Variablenverwaltung -- 4.1 Variablen -- 4.2 Unveränderliche Variablen -- 4.3 Konstanten und Enumerationen -- 4.4 Der Umgang mit »null« -- 5 Datentypen -- 5.1 Die wichtigsten Kotlin-Datentypen -- 5.2 Zahlen -- 5.3 Bereiche (Ranges) -- 5.4 Zufallszahlen -- 5.5 Boolesche Ausdrücke -- 6 Zeichenketten -- 6.1 Die Klasse »Char« -- 6.2 Die Klasse »String« -- 6.3 Mit Zeichenketten arbeiten -- 6.4 Beispiel: Passwortqualität testen -- 6.5 Die Klasse »StringBuilder« -- 7 Datum und Uhrzeit -- 7.1 Neue Java-Klassen (»java.time«) -- 7.2 Herkömmliche Java-Klassen (»Date« und »Calendar«) -- 7.3 Die »Duration and Time Measurement API« (kotlin.time) -- 8 Listen, Sets, Maps und Arrays -- 8.1 Listen -- 8.2 Sets -- 8.3 Maps -- 8.4 Sequenzen -- 8.5 Arrays -- 9 Verzweigungen und Schleifen -- 9.1 Die »if«-Verzweigung -- 9.2 Die »when«-Verzweigung -- 9.3 Die »for«-Schleife -- 9.4 Die »while«-Schleife -- 9.5 Die »repeat«-Schleife -- 9.6 »break« und »continue« -- 9.7 Beispiele: Summen, Produkte, Duplikate und Co. -- 10 Funktionen -- 10.1 Funktionen definieren und aufrufen -- 10.2 Parameter -- 10.3 Rekursion -- 10.4 Lokale Funktionen -- 10.5 Die »main«-Funktion -- 10.6 Beispiel: Pfadsuche -- 11 Lambda-Ausdrücke und funktionale Programmierung -- 11.1 Hello Lambda! -- 11.2 Lambda-Ausdrücke und Funktionen für Fortgeschrittene -- 11.3 Beispiel: Funktionen erzeugen und verarbeiten -- 11.4 »map«, »filter«, »reduce« und Co. -- 11.5 Beispiel: Textanalyse mit Lambda-Ausdrücken -- 11.6 Beispiel: Dosenpyramide in drei Farben},
  isbn = {978-3-8362-7277-3 978-3-8362-7279-7},
  langid = {german},
  pagetotal = {1}
}

@online{KotlinJavaAlternativeVerstehen,
  title = {Kotlin: Die Java-Alternative verstehen | AppMaster},
  shorttitle = {Kotlin},
  url = {https://appmaster.io/de/blog/kotlin-die-zukunft-der-android-entwicklung},
  urldate = {2024-11-24},
  abstract = {Lernen Sie Kotlin kennen, eine vielseitige und moderne Programmiersprache, die die Einschränkungen von Java für die Android-Entwicklung überwindet, und erfahren Sie, wie sie sich nahtlos in bestehende Java-Codebasen und Frameworks integrieren lässt.},
  langid = {ngerman}
}

@online{LAZYLEAFPflanzkubel,
  title = {{{LAZY LEAF Pflanzkübel Blumentopf Ø}} 32 Cm, {{Wassertankgröße}} 6,35 l, {{Selbstgießend}}, {{Blumenkübel}}},
  url = {https://www.otto.de/p/lazy-leaf-pflanzkuebel-blumentopf-o-32-cm-wassertankgroesse-6-35-l-selbstgiessend-S0U2M0XW/},
  urldate = {2025-01-01},
  abstract = {Tolle Angebote und Top Qualität entdecken - Kauf auf Rechnung und Raten ✔ Erfülle dir deine Wünsche bei OTTO!},
  organization = {OTTO}
}

@online{lischkaCrossPlatformVsNative2024,
  title = {Cross-Platform vs. Native Mobile Development},
  author = {Lischka, Anna},
  date = {2024-06-01T11:28:28+00:00},
  url = {https://www.bayootec.com/tech-stack/cross-platform-vs-native-mobile-development/},
  urldate = {2024-12-08},
  abstract = {Cross-Platform oder Native Mobile Development – Was ist der ideale Weg für Deine App Entwicklung? Wir zeigen Dir Vor- und Nachteile.},
  langid = {ngerman},
  organization = {BAYOOTEC},
  file = {C:\Users\celin\Zotero\storage\E44TQVCC\cross-platform-vs-native-mobile-development.html}
}

@online{NavigationsControllerErstellen|,
  title = {Navigations-{{Controller}} Erstellen ~|~ {{Android Developers}}},
  url = {https://developer.android.com/guide/navigation/navcontroller?hl=de},
  urldate = {2024-11-21},
  file = {C:\Users\celin\Zotero\storage\NYJWAKGA\navcontroller.html}
}

@online{OpensourceToolThat,
  title = {Open-Source Tool That Uses Simple Textual Descriptions to Draw Beautiful {{UML}} Diagrams.},
  url = {https://plantuml.com/},
  urldate = {2024-12-08},
  abstract = {Easily create beautiful UML Diagrams from simple textual description. There are also numerous kind of available diagrams. It's also possible to export images in PNG, LaTeX, EPS, SVG.},
  langid = {english},
  organization = {PlantUML.com},
  file = {C:\Users\celin\Zotero\storage\ZQ3G8IPJ\plantuml.com.html}
}

@online{PlantWateringKit,
  title = {Plant {{Watering Kit With Soil Moisture Detection Sensor}} - {{Automatic Watering Module DIY Kit Automatic Water Pump}}},
  url = {https://www.az-delivery.de/en/products/pflanzen-bewasserung-set},
  urldate = {2025-01-01},
  abstract = {Our DIY irrigation kit kit consists of an irrigation pump, hose, sensor shield, battery holder for four AA batteries, a soil moisture sensor and a relay module. The soil moisture sensor measures the moisture in the soil. If necessary, the water pump then supplies water to the plant.},
  langid = {english},
  organization = {AZ-Delivery},
  file = {C:\Users\celin\Zotero\storage\GIRNR9B4\pflanzen-bewasserung-set.html}
}

@online{Single_Hubjpg3380x3380,
  title = {Single\_{{Hub}}.Jpg (3380×3380)},
  url = {https://fyta.de/cdn/shop/files/Single_Hub.jpg?v=1708943782},
  urldate = {2025-01-01},
  file = {C:\Users\celin\Zotero\storage\IEFAWXEM\Single_Hub.html}
}

@online{voraJetpackComposeVs2024,
  title = {Jetpack {{Compose}} vs {{XML}} for {{Android UI Development}}},
  author = {Vora, Imran},
  date = {2024-10-20T03:41:00+00:00},
  url = {https://www.auberginesolutions.com/blog/jetpack-compose-vs-xml-a-comprehensive-comparison-for-android-ui-development/},
  urldate = {2024-11-08},
  abstract = {Explore the differences between Jetpack Compose and XML in Android app development. Learn about their differences, architecture and use cases in this blog.},
  langid = {american},
  organization = {Aubergine},
  file = {C:\Users\celin\Zotero\storage\HCTCVG5T\jetpack-compose-vs-xml-a-comprehensive-comparison-for-android-ui-development.html}
}

@article{windischAgrarwissenschaftlichesSymposiumHans2016,
  title = {Agrarwissenschaftliches Symposium des Hans Eisenmann-Zentrum 2016},
  author = {Windisch, Dr Wilhelm},
  date = {2016},
  langid = {ngerman},
  file = {C:\Users\celin\Zotero\storage\VCLM7NSC\Windisch - 2016 - Agrarwissenschaftliches Symposium des Hans Eisenmann-Zentrum 2016.pdf}
}
