
@online{noauthor_quick_start_guide_nodate,
	title = {quick\_start\_guide [Zotero Documentation]},
	url = {https://www.zotero.org/support/quick_start_guide},
	urldate = {2024-03-17},
	file = {quick_start_guide [Zotero Documentation]:/Users/andreasbraig/Zotero/storage/7LXU7GVA/quick_start_guide.html:text/html},
}

@online{noauthor_automatisierungspyramide_nodate,
	title = {Automatisierungspyramide: Definition, Bedeutung, Ebenen},
	url = {https://www.iph-hannover.de/de/dienstleistungen/automatisierungstechnik/automatisierungspyramide/#},
	urldate = {2024-03-26},
	file = {#\:~\:text=Bei%20der%20Automatisierungspyramide%20handelt%20es,insgesamt%20drei%20bis%20sieben%20Ebenen.:/Users/andreasbraig/Zotero/storage/IP9S274C/automatisierungspyramide.html:text/html},
}

@online{institut_fur_integrierte_produktion_hannover_automatisierungspyramide_nodate,
	title = {Automatisierungspyramide: Definition, Bedeutung, Ebenen},
	url = {https://www.iph-hannover.de/de/dienstleistungen/automatisierungstechnik/automatisierungspyramide/#},
	author = {Institut für Integrierte Produktion Hannover},
	urldate = {2024-03-26},
	file = {#\:~\:text=Bei%20der%20Automatisierungspyramide%20handelt%20es,insgesamt%20drei%20bis%20sieben%20Ebenen.:/Users/andreasbraig/Zotero/storage/YX9HWUY3/automatisierungspyramide.html:text/html},
}

@online{gmh_gruppe_georgsmarienhutte_nodate,
	title = {Georgsmarienhütte {GmbH} – {GMH} Gruppe},
	url = {https://www.gmh-gruppe.de/de-de/gmh-gruppe/wer-wir-sind/produktionsstandorte/georgsmarienhuette-gmbh.html},
	author = {{GMH} Gruppe},
	urldate = {2024-04-03},
	file = {Georgsmarienhütte GmbH – GMH Gruppe:/Users/andreasbraig/Zotero/storage/HFU5YBVZ/georgsmarienhuette-gmbh.html:text/html;PDF:/Users/andreasbraig/Zotero/storage/P6SZZYH5/GMH Gruppe - Georgsmarienhütte GmbH – GMH Gruppe.pdf:application/pdf},
}

@online{noauthor_osnabrucker_nodate,
	title = {Osnabrücker Bergland - Übersicht Bergbau- und Hüttenindustrie},
	url = {https://www.untertage.com/publikationen/13-niedersachsen/155-osnabruecker-bergland-uebersicht-bergbau-und-huettenindustrie.html},
	urldate = {2024-04-03},
	file = {Osnabrücker Bergland - Übersicht Bergbau- und Hüttenindustrie:/Users/andreasbraig/Zotero/storage/I39G2NK2/155-osnabruecker-bergland-uebersicht-bergbau-und-huettenindustrie.html:text/html},
}

@inreference{noauthor_georgsmarienhutte_2023,
	title = {Georgsmarienhütte (Unternehmen)},
	rights = {Creative Commons Attribution-{ShareAlike} License},
	url = {https://de.wikipedia.org/w/index.php?title=Georgsmarienh%C3%BCtte_(Unternehmen)&oldid=237676865#cite_note-3},
	abstract = {Die Georgsmarienhütte {GmbH} (kurz {GMH}) ist ein am 14. Juli 1856 als Georgs-Marien-Bergwerks- und Hüttenverein gegründetes Stahlwerk mit Sitz in der nach dem Stahlwerk benannten Stadt Georgsmarienhütte südlich von Osnabrück. Namensgeber des Werkes waren König Georg V. und Königin Marie, das letzte Herrscherpaar des Königreichs Hannover.
Die Georgsmarienhütte zählt zu den führenden europäischen Anbietern von Stabstahl, Halbzeug und Blankstahl aus Qualitätsstahl und Edelbaustahl und erzielt 80 \% ihres Umsatzes mit der Automobilindustrie. Sie ist Teil der Georgsmarienhütte Unternehmensgruppe ({GMH} Gruppe), einem Verbund aus über zwanzig mittelständisch ausgerichteten Unternehmen in Deutschland, Österreich, Australien und den {USA}.},
	booktitle = {Wikipedia},
	urldate = {2024-04-03},
	date = {2023-09-27},
	langid = {german},
	note = {Page Version {ID}: 237676865},
	file = {Snapshot:/Users/andreasbraig/Zotero/storage/GWH9D7WB/Georgsmarienhütte_(Unternehmen).html:text/html},
}

@online{gmh_gruppe_produkte_nodate,
	title = {Produkte – {GMH} Gruppe},
	url = {https://www.gmh-gruppe.de/de-de/produkte.html},
	author = {{GMH} Gruppe},
	urldate = {2024-04-03},
	file = {Produkte – GMH Gruppe:/Users/andreasbraig/Zotero/storage/HYQY3XH5/produkte.html:text/html},
}

@patent{kleff_verfahren_1951,
	title = {Verfahren zum Unterteilen laufenden Walzgutes},
	url = {https://patents.google.com/patent/DE804056C/de},
	holder = {{HEINRICH} {TH} {KLEFF}},
	type = {patentde},
	number = {804056C},
	author = {Kleff, Heinrich Th},
	urldate = {2024-04-03},
	date = {1951-04-16},
	keywords = {guide, knife, knives, rolling stock, scissors},
}

@online{aveva_group_limited_citect_nodate,
	title = {Citect {SCADA} - High Performance {SCADA} Software},
	url = {https://www.aveva.com/de-de/products/plant-scada/},
	abstract = {Citect {SCADA} is a reliable, flexible and high performance Supervisory Control and Data Acquisition ({SCADA}) software solution for industrial process customers.},
	author = {{AVEVA} Group Limited},
	urldate = {2024-07-17},
	langid = {german},
	file = {Snapshot:/Users/andreasbraig/Zotero/storage/KTZT5842/plant-scada.html:text/html},
}

@online{general_electric_company_ge_2011,
	title = {{GE} Energy Completes \$3.2 Billion Deal to Acquire Converteam : Press Releases : News : {GE}},
	url = {https://web.archive.org/web/20110924015030/http://www.genewscenter.com/content/Detail.aspx?ReleaseID=13077&NewsAreaID=2},
	shorttitle = {{GE} Energy Completes \$3.2 Billion Deal to Acquire Converteam},
	author = {General Electric Company},
	urldate = {2024-07-17},
	date = {2011-09-24},
	file = {Snapshot:/Users/andreasbraig/Zotero/storage/BMMJAKCX/Detail.html:text/html},
}

@misc{nilaba_guidelines_2012,
	title = {Guidelines for Analysis {SHEARDD} Shear Direct Driven´Profile Mills},
	author = {Nilaba},
	date = {2012-01-09},
	langid = {english},
	file = {3BYN442901-R20 SHEARDD Guidelines for Analysis_RevA.doc:/Users/andreasbraig/Zotero/storage/L9TVNAKX/3BYN442901-R20 SHEARDD Guidelines for Analysis_RevA.doc:application/msword},
}

@misc{nilabja_prof_2022,
	title = {{PROF} for 800xA With Fast I/O Release Notes Version F6.11},
	shorttitle = {Release Notes Version F6.11},
	author = {Nilabja},
	date = {2022-06-29},
	langid = {english},
	file = {3BYN442901-R02 PROF F6.1 Release Notes Rev G.doc:/Users/andreasbraig/Zotero/storage/9JR68MVU/3BYN442901-R02 PROF F6.1 Release Notes Rev G.doc:application/msword},
}

@book{noauthor_notitle_nodate,
}

@article{elser_control_2003,
	title = {Control {IT} Programming Guidelines},
	author = {Elser, Bernhard},
	date = {2003},
	langid = {english},
	file = {Elser - 2003 - Control IT Programming Guidelines.pdf:/Users/andreasbraig/Zotero/storage/MSK66ABN/Elser - 2003 - Control IT Programming Guidelines.pdf:application/pdf},
}

@article{noauthor_compact_nodate,
	title = {Compact Product Suite Compact Control Builder {AC} 800M - Configuration},
	langid = {english},
	file = {Compact Product Suite Compact Control Builder AC 8.pdf:/Users/andreasbraig/Zotero/storage/MPJ7Z53J/Compact Product Suite Compact Control Builder AC 8.pdf:application/pdf},
}

@article{abb_ag_compact_nodate,
	title = {Compact Control Builder {AC} 800M - Product Guide},
	rights = {limited Access},
	url = {https://search.abb.com/library/Download.aspx?DocumentID=3BSE041586D6200&LanguageCode=en&DocumentPartId=&Action=Launch},
	pages = {136},
	journaltitle = {{ABB} Library},
	author = {{ABB} {AG}},
	urldate = {2024-07-18},
	langid = {english},
	file = {Compact Control Builder AC 800M - Product Guide.pdf:/Users/andreasbraig/Zotero/storage/Z4ZUFXT9/Compact Control Builder AC 800M - Product Guide.pdf:application/pdf},
}

@misc{wohl_einsatz_2024,
	title = {Einsatz der Komponenten bei Georgsmarienhütte},
	rights = {Intern},
	abstract = {In diesem Interview besprechen sich Pascal Wohl und Andreas Braig Welche Produkte bei der Modernisierung der Scheren in Georgsmarienhütte eingesetzt werden.},
	editora = {Wohl, Pascal},
	editoratype = {collaborator},
	date = {2024-02-12},
}

@online{kreiter_was_2023,
	title = {Was sind Variablen? Einfach erklärt für Beginner.},
	url = {https://www.derinformatikstudent.de/was-sind-variablen-einfach-erklaert/},
	shorttitle = {Was sind Variablen?},
	abstract = {Eine kurze Erklärung über Variablen in Programmiersprachen und deren Benennung. Jeder Programmierer sollte wissen, was Variablen sind.},
	titleaddon = {Der Informatikstudent},
	author = {Kreiter, Daniel},
	urldate = {2024-07-29},
	date = {2023-11-19},
	langid = {german},
	file = {Snapshot:/Users/andreasbraig/Zotero/storage/BQ8TIWPQ/was-sind-variablen-einfach-erklaert.html:text/html},
}

@misc{benke_vorlesung_2022,
	title = {Vorlesung Grundlagen Automation},
	author = {Benke, Heinrich and Schaefer, Ingo},
	date = {2022-03-30},
	file = {Automation_Benke_Kap03.pdf:/Users/andreasbraig/Zotero/storage/ZPMML8EA/Automation_Benke_Kap03.pdf:application/pdf;Automation_Benke_Kap04.pdf:/Users/andreasbraig/Zotero/storage/G9J3J8PW/Automation_Benke_Kap04.pdf:application/pdf},
}

@online{abb_ag_system_nodate,
	title = {System 800xA {AC} 800M Control and I/O Overview},
	url = {https://search.abb.com/library/Download.aspx?DocumentID=3BSE047351&LanguageCode=en&DocumentPartId=&Action=Launch},
	author = {{ABB} {AG}},
	urldate = {2024-07-29},
	file = {3BSE047351 en M System 800xA Control and IO Overview.pdf:/Users/andreasbraig/Zotero/storage/6RSLDWFA/3BSE047351 en M System 800xA Control and IO Overview.pdf:application/pdf},
}

@incollection{leonhard_fremderregte_2000,
	location = {Berlin, Heidelberg},
	title = {Fremderregte Gleichstrommaschine},
	isbn = {978-3-642-57328-6},
	url = {https://doi.org/10.1007/978-3-642-57328-6_6},
	abstract = {Gleichstrommotoren haben das Gebiet drehzahlvariabler elektrischer Antriebe seit hundert Jahren dominiert; sie sind auch heute noch die am weitesten verbreitete Lösung, wenn ein großer Drehzahl-Stellbereich und gute Drehmoment- Dynamik gefordert werden. Die Ursache sind die ausgezeichneten Betriebseigenschaften und die gute Regelbarkeit; der einzige Nachteil ist der mechanische Kommutator, der die Leistung und Drehzahl der Maschine begrenzt, das Trägheitsmoment und die achsiale Länge vergrößert und regelmäßige Wartung erfordert. Bei Drehstrom-Regelantrieben, die von ruhenden Umrichtern mit veränderlicher Frequenz gespeist werden, entfällt der Kommutator, allerdings auf Kosten erhöhter Komplexität. Dies ist einer der Gründe, weshalb es noch eine Weile dauern wird, bis Drehstrommotoren Gleichstromantriebe vollständig verdrängen können.},
	pages = {49--66},
	booktitle = {Regelung elektrischer Antriebe},
	publisher = {Springer Berlin Heidelberg},
	author = {Leonhard, Werner},
	date = {2000},
	doi = {10.1007/978-3-642-57328-6_6},
}

@online{noauthor_installation_nodate,
	title = {Installation and Start-up Guide for {ACS}400 {DDCS} Option Module},
	url = {https://search.abb.com/library/Download.aspx?DocumentID=3AFY64133187&LanguageCode=en&DocumentPartId=1&Action=Launch},
	urldate = {2024-08-11},
}

@misc{abb_ag_installation_nodate,
	title = {Installation and Start-up Guide {ACS} 400 {DDCS} Option Modul},
	rights = {Public},
	url = {Installation and Start-up Guide ACS 400 DDCS Option Modul},
	author = {{ABB} {AG}},
	urldate = {2024-11-08},
	file = {deDDCS1.pdf:/Users/andreasbraig/Zotero/storage/EX2PDHTU/deDDCS1.pdf:application/pdf;Snapshot:/Users/andreasbraig/Zotero/storage/KA4JWYJ5/Download.html:text/html},
}

@online{iba_ag_iba_nodate,
	title = {iba System - iba},
	url = {https://www.iba-ag.com/de/iba-system},
	author = {iba {AG}},
	urldate = {2024-08-10},
	file = {iba System - iba:/Users/andreasbraig/Zotero/storage/Z6ZCWZS8/iba-system.html:text/html},
}

@online{abb_ag_drive_2024,
	title = {Drive composer start-up and maintenance {PC} tool user's manual},
	rights = {Public},
	url = {https://search.abb.com/library/Download.aspx?DocumentID=3AUA0000094606&LanguageCode=en&DocumentPartId=1&Action=Launch},
	author = {{ABB} {AG}},
	urldate = {2024-08-08},
	date = {2024-02-02},
	langid = {english},
	file = {Snapshot:/Users/andreasbraig/Zotero/storage/UHFIQ9HK/Download.html:text/html},
}

@article{narciso_syntactic_nodate,
	title = {A Syntactic Speciﬁcation for the Programming Languages of the {IEC} 61131-3 Standard},
	abstract = {In order to implement a translator, a syntactic speciﬁcation for the programming languages of the {IEC} 611131-3 standard is presented in this paper. This speciﬁcation is built in function of the components of a formal grammar, which are the set of terminal symbols, the set of non terminal symbols, the start symbol or axiom and the set of production rules. The formal grammar described corresponds to a context-free grammar; which is currently being used to describe most of the programming languages. With the deﬁnition of this grammar, the programming languages of the {IEC} 611131-3 standard are formally described and is presented as an example, the syntactic speciﬁcation of the textual programming languages, known as Instruction List and Structured Text. Then, the graphical programming languages (Ladder Diagram and Functional Block Diagram) can be speciﬁed in the same way. With the grammar described is possible to build a translator using open standards and open source that can generate code in high level programming language (like C programming language) to support the management of control logics.},
	journaltitle = {Advances in Computational Intelligence},
	author = {Narciso, Flor and Rios-Bolivar, Addison and Hidrobo, Francisco and Gonzalez, Olga},
	langid = {english},
	file = {Narciso et al. - A Syntactic Speciﬁcation for the Programming Langu.pdf:/Users/andreasbraig/Zotero/storage/YU24DBDH/Narciso et al. - A Syntactic Speciﬁcation for the Programming Langu.pdf:application/pdf},
}

@article{kandell_ausrichtung_2003,
	title = {Ausrichtung von F\&E auf die Geschäftsstrategie - Technologische Innovation für die Prozessindustrien - Industrial {IT}-Innovation für die Prozessindustrien},
	rights = {Public},
	abstract = {Leitartikel von Markus Bayegan, Chief Technology Officer, Dinesh C. Paliwal, Head of Process Industries Division and Peter Terwiesch, Head of Technology, Process Industries Division und Head of Process Industries Division, Switzerland},
	journaltitle = {{ABB} Library},
	author = {Kandell, Vikke},
	urldate = {2024-08-08},
	date = {2003-11-11},
	file = {04-09 Editorial - GER.pdf:/Users/andreasbraig/Zotero/storage/HTDN8YVE/04-09 Editorial - GER.pdf:application/pdf},
}

@misc{noauthor_notitle_nodate-1,
}

@online{wachendorff_prozesstechnik_gmbh__co_kg_iiot_nodate,
	title = {{IIoT} Industrie 4.0 - Modbus {TCP}},
	url = {https://www.wachendorff-prozesstechnik.de/technologie/industrial-ethernet/modbus-tcp/},
	abstract = {Modbus Grundlagen: Modbus Remote Terminal Unit (Modbus {RTU}) nennt sich die Übertragung über die seriellen Standards {RS}232, {RS}422 oder {RS}485. Möglichen Baudraten von 1.200 {kBit}/s bis  115.200 {kBit}/s. Bei Modbus {RTU} mit {RS}232 handelt es sich um eine Punk-zu-Punkt-Verbindung. Bei {RS}422 und {RS}485 folgt der Aufbau einer Linienstruktur die eine Mehrpunkt-Verbindung sein kann.},
	author = {Wachendorff Prozesstechnik {GmbH} {\textbackslash}\& Co {KG}},
	urldate = {2024-08-11},
	file = {Snapshot:/Users/andreasbraig/Zotero/storage/SE9CWTWE/modbus-tcp.html:text/html},
}

@article{gamess_performance_2020,
	title = {Performance Evaluation of Modbus {TCP} in Normal Operation and Under A Distributed Denial of Service Attack},
	volume = {12},
	issn = {09752293},
	url = {http://aircconline.com/ijcnc/V12N2/12220cnc01.pdf},
	doi = {10.5121/ijcnc.2020.12201},
	abstract = {Modbus is the de facto standard communication protocol for the industrial world. It was initially designed to be used in serial communications (Modbus {RTU}/{ASCII}). However, not long ago, it was adapted to {TCP} due to the increasing popularity of the {TCP}/{IP} stack. Since it was originally designed for controlled serial lines, Modbus does not have any security features. In this paper, we wrote several benchmarks to evaluate the performance of networking devices that run Modbus {TCP}. Parameters reported by our benchmarks include: (1) response time for Modbus requests, (2) maximum number of requests successfully handled by Modbus devices in a specific amount of time, and (3) monitoring of Modbus devices when suffering a Distributed Denial of Service attack. Due to the growing adoption of {IoT} technologies, we also selected two widely known and inexpensive development boards ({ESP}8266 and Raspberry Pi 3 B+/{OpenPLC}) to realize a performance evaluation of Modbus {TCP}.},
	pages = {1--21},
	number = {2},
	journaltitle = {International journal of Computer Networks \& Communications},
	shortjournal = {{IJCNC}},
	author = {Gamess, Eric and Smith, Brody and Francia Iii, Guillermo},
	urldate = {2024-08-13},
	date = {2020-03-31},
	langid = {english},
	file = {Gamess et al. - 2020 - Performance Evaluation of Modbus TCP in Normal Ope.pdf:/Users/andreasbraig/Zotero/storage/S8MAK975/Gamess et al. - 2020 - Performance Evaluation of Modbus TCP in Normal Ope.pdf:application/pdf},
}

@online{wiesemann__theis_gmbh_wut_nodate,
	title = {{WuT} Modbus-{TCP} Hintergrundwissen},
	url = {https://www.wut.de/e-57www-04-apde-000.php},
	author = {Wiesemann {\textbackslash}\& Theis {GmbH}},
	urldate = {2024-08-13},
	file = {WuT Modbus-TCP Hintergrundwissen:/Users/andreasbraig/Zotero/storage/J2NJZ763/e-57www-04-apde-000.html:text/html},
}

@online{noauthor_wut_nodate,
	title = {{WuT} Modbus-{TCP} Hintergrundwissen},
	url = {https://www.wut.de/e-57www-04-apde-000.php},
	urldate = {2024-08-13},
	file = {WuT Modbus-TCP Hintergrundwissen:/Users/andreasbraig/Zotero/storage/RC3FBCRB/e-57www-04-apde-000.html:text/html},
}

@misc{abb_ag_dcs880_2024,
	title = {{DCS}880 Firmware Handbuch},
	rights = {Public},
	url = {https://library.abb.com/d/3ADW000474R},
	author = {{ABB} {AG}},
	urldate = {2024-08-16},
	date = {2024-08-16},
	file = {3ADW000474R0403+DCS880+Firmware+Handbuch+de+d.pdf:/Users/andreasbraig/Zotero/storage/2J53J9E4/3ADW000474R0403+DCS880+Firmware+Handbuch+de+d.pdf:application/pdf},
}

@online{abb_ag_compact_nodate-1,
	title = {Compact Product Suite, Compact Control Builder {AC} 800M 6.1.1 – Configuration},
	url = {https://search.abb.com/library/Download.aspx?DocumentID=3BSE040935-611&LanguageCode=en&DocumentPartId=&Action=Launch},
	author = {{ABB} {AG}},
	urldate = {2024-08-18},
	file = {Snapshot:/Users/andreasbraig/Zotero/storage/JA394DER/Download.html:text/html},
}

@online{avelon_modbus-fehlercodes_nodate,
	title = {Modbus-Fehlercodes — Beetle 7.27 Dokumentation},
	url = {https://avelon.cloud/docs/t5/de/appendix/modbus-error-codes.html},
	author = {Avelon},
	urldate = {2024-08-18},
}

@online{deutsches_institut_fur_normung_e_v_din_nodate,
	title = {{DIN} {EN} {IEC} 61131-3},
	url = {https://www-nautos-de.ezproxy-dhma-1.redi-bw.de/QDB/search/item-detail/DE30098980},
	author = {Deutsches Institut für Normung e. V.},
	urldate = {2024-08-20},
	file = {Nautos.pdf:/Users/andreasbraig/Zotero/storage/EU7W3FG2/Nautos.pdf:application/pdf},
}

@online{abb_ag_ac_nodate,
	title = {{AC} 800PEC Sales Brochure},
	url = {https://library.e.abb.com/public/a7566254919255a0c12578c3003355f7/AC%20800PEC%20Sales%20Brochure.pdf},
	author = {{ABB} {AG}},
	urldate = {2024-07-16},
	langid = {english},
	file = {PDF:/Users/andreasbraig/Zotero/storage/AE272ZP3/AC 800PEC Sales Brochure.pdf:application/pdf},
}

@misc{abb_ag_tab01_dc-grundlagen_nodate,
	title = {{TAB}01\_DC-Grundlagen},
	author = {{ABB} {AG}},
	langid = {german},
	file = {PDF:/Users/andreasbraig/Zotero/storage/T2ZJ3I9Q/TAB01_DC-Grundlagen.pdf:application/pdf},
}

@misc{abb_ag_ac_nodate-1,
	title = {{AC} 800PEC Modbus {TCP} {PH} Manual 2.0.1.1},
	author = {{ABB} {AG}},
	file = {PDF:/Users/andreasbraig/Zotero/storage/AFNFFUMC/AC 800PEC Modbus TCP PH Manual 2.0.1.1.pdf:application/pdf},
}

@misc{abb_ag_ac_nodate-2,
	title = {{AC} 800PEC Release 5.1.1 Documentation Overview},
	author = {{ABB} {AG}},
	langid = {english},
	file = {PDF:/Users/andreasbraig/Zotero/storage/NDCTS35P/AC 800PEC Release 5.1.1 Documentation Overview.pdf:application/pdf},
}

@misc{abb_ag_ac_nodate-3,
	title = {{AC} 800PEC Release 5.1.1 Hardware Guide},
	author = {{ABB} {AG}},
	file = {PDF:/Users/andreasbraig/Zotero/storage/RBC8SVTZ/AC 800PEC Release 5.1.1 Hardware Guide.pdf:application/pdf},
}

@misc{modbus_organisation_modbus_messaging_implementation_guide_v1_0bpdf_nodate,
	title = {Modbus\_Messaging\_Implementation\_Guide\_V1\_0b.pdf},
	author = {Modbus Organisation},
	file = {Modbus_Messaging_Implementation_Guide_V1_0b.pdf:/Users/andreasbraig/Zotero/storage/TKP7BN98/Modbus_Messaging_Implementation_Guide_V1_0b.pdf:application/pdf},
}

@misc{gmh_gruppe_mechanische_nodate,
	title = {Mechanische Zeichnung der Schneid- und Schopfschere},
	author = {{GMH} Gruppe},
	file = {PDF:/Users/andreasbraig/Zotero/storage/GX8ZC6I6/GMH Gruppe - Mechanische Zeichnung der Schneid- und Schopfschere.pdf:application/pdf},
}

@misc{gmh_gruppe_layout_nodate,
	title = {Layout Walzwerk Scheren},
	author = {{GMH} Gruppe},
	file = {PDF:/Users/andreasbraig/Zotero/storage/B7V7A7S8/GMH Gruppe - Layout Walzwerk Scheren.pdf:application/pdf},
}

@online{noauthor_product_nodate,
	title = {Product Browser},
	url = {https://ace.abb.com/bolproducts/#/products},
	urldate = {2024-08-30},
	file = {Product Browser:/Users/andreasbraig/Zotero/storage/8B7XJB5E/bolproducts.html:text/html},
}

@inreference{noauthor_automatisierungspyramide_2023,
	title = {Automatisierungspyramide},
	rights = {Creative Commons Attribution-{ShareAlike} License},
	url = {https://de.wikipedia.org/w/index.php?title=Automatisierungspyramide&oldid=238534190},
	abstract = {Die Automatisierungspyramide  dient der Einordnung von Techniken und Systemen in der Leittechnik und stellt die verschiedenen Ebenen in der industriellen Fertigung dar.

Jeder Ebene kommt eine eigene Aufgabe in der Produktion zu, wobei es je nach betrieblicher Situation fließende Grenzen gibt. Entsprechend der Aufgabe der Ebene haben sich spezifische Techniken der analogen als auch digitalen Datenübertragung und -verarbeitung entwickelt.},
	booktitle = {Wikipedia},
	urldate = {2024-08-30},
	date = {2023-10-26},
	langid = {german},
	note = {Page Version {ID}: 238534190},
	file = {Snapshot:/Users/andreasbraig/Zotero/storage/56LGGT6R/Automatisierungspyramide.html:text/html},
}

@misc{iba_ag_ibafob-d_2021,
	title = {{ibaFOB}-D Fiber Optic {ibaNet} Interface Board for {PCI} and {PCI} Express Manual},
	author = {iba {AG}},
	date = {2021},
	file = {a01d96925af9045bf224c6b0ce7d4e59.pdf:/Users/andreasbraig/Zotero/storage/LCBDUKUP/a01d96925af9045bf224c6b0ce7d4e59.pdf:application/pdf},
}

@online{abb_ag_ac_nodate-4,
	title = {{AC} 800M Controller Firmware 6.0.0-x, 6.1.0-0 to 6.1.1-1, Modbus {TCP} Read Function Blocks Stop Updating Values of data type Real},
	url = {https://search.abb.com/library/Download.aspx?DocumentID=7PAA008238&LanguageCode=en&DocumentPartId=&Action=Launch},
	author = {{ABB} {AG}},
	urldate = {2024-08-29},
	file = {Snapshot:/Users/andreasbraig/Zotero/storage/LI9EJYKK/Download.html:text/html},
}

@book{suse_bildverarbeitung_2014,
	location = {Wiesbaden},
	title = {Bildverarbeitung und Objekterkennung: Computer Vision in Industrie und Medizin},
	rights = {https://www.springernature.com/gp/researchers/text-and-data-mining},
	isbn = {978-3-8348-2605-3 978-3-8348-2606-0},
	url = {https://link.springer.com/10.1007/978-3-8348-2606-0},
	shorttitle = {Bildverarbeitung und Objekterkennung},
	publisher = {Springer Fachmedien Wiesbaden},
	author = {Süße, Herbert and Rodner, Erik},
	urldate = {2024-10-15},
	date = {2014},
	langid = {german},
	doi = {10.1007/978-3-8348-2606-0},
	file = {Süße und Rodner - 2014 - Bildverarbeitung und Objekterkennung Computer Vis.pdf:/Users/andreasbraig/Zotero/storage/C2CXFKXW/Süße und Rodner - 2014 - Bildverarbeitung und Objekterkennung Computer Vis.pdf:application/pdf},
}

@online{noauthor_train_test_split_nodate,
	title = {train\_test\_split},
	url = {https://scikit-learn/stable/modules/generated/sklearn.model_selection.train_test_split.html},
	abstract = {Gallery examples: Release Highlights for scikit-learn 1.5 Release Highlights for scikit-learn 1.4 Release Highlights for scikit-learn 0.24 Release Highlights for scikit-learn 0.23 Release Highlight...},
	titleaddon = {scikit-learn},
	urldate = {2024-10-21},
	langid = {english},
	file = {Snapshot:/Users/andreasbraig/Zotero/storage/KXEKH6TI/sklearn.model_selection.train_test_split.html:text/html},
}

@online{noauthor_basic_nodate,
	title = {Basic classification: Classify images of clothing {\textbar} {TensorFlow} Core},
	url = {https://www.tensorflow.org/tutorials/keras/classification},
	shorttitle = {Basic classification},
	titleaddon = {{TensorFlow}},
	urldate = {2024-11-10},
	langid = {english},
	file = {Snapshot:/Users/andreasbraig/Zotero/storage/I8I4F8CY/classification.html:text/html},
}

@online{noauthor_machine_nodate,
	title = {Machine Learning: Die Zukunft der Intelligenz {\textbar} Definition, Arten und Beispiele},
	url = {https://www.sap.com/germany/products/artificial-intelligence/what-is-machine-learning.html},
	shorttitle = {Machine Learning},
	abstract = {Machine Learning kann eingesetzt werden, um Aufgaben zu automatisieren, die Entscheidungsfindung zu verbessern und neue Erkenntnisse zu gewinnen. Erfahren Sie, wie Ihr Unternehmen von Machine Learning profitieren kann.},
	titleaddon = {{SAP}},
	urldate = {2024-11-10},
	file = {Snapshot:/Users/andreasbraig/Zotero/storage/2UYUP96U/what-is-machine-learning.html:text/html},
}

@online{koch_datensatze_2022,
	title = {Datensätze für maschinelles Lernen - Definition, Anwendungen, Ressourcen},
	url = {https://www.clickworker.de/kunden-blog/datensaetze-fuer-maschinelles-lernen-eine-einfuehrung/},
	abstract = {Hochwertige Datensätze sind die Basis für Maschinelles Lernen. Wo findet man diese Datensätze und was muss man bei der Suche beachten?},
	titleaddon = {clickworker.com},
	author = {Koch, Robert},
	urldate = {2024-11-10},
	date = {2022-07-07},
	langid = {german},
	file = {Snapshot:/Users/andreasbraig/Zotero/storage/E7EQ7DCZ/datensaetze-fuer-maschinelles-lernen-eine-einfuehrung.html:text/html},
}

@online{httpskodzillapl_machine-learning_2019,
	title = {Machine-Learning mit unausgewogenen Datensätzen},
	url = {https://saracus.com/synvert-saracus-blog/machine-learning-mit-nichtbalancierten-datensaetzen-imbalanced-learn-python-package/},
	abstract = {Hier geht es um Over-Sampling der Minderheitsklasse, Under-Sampling der Mehrheitsklasse(n) sowie Kombination von Under- und Over-Sampling.},
	titleaddon = {synvert saracus},
	author = {https://kodzilla.pl and webmaster@saracus.com},
	urldate = {2024-11-10},
	date = {2019-05-15},
	file = {Snapshot:/Users/andreasbraig/Zotero/storage/QQLZPGP7/machine-learning-mit-nichtbalancierten-datensaetzen-imbalanced-learn-python-package.html:text/html},
}

@online{noauthor_was_nodate,
	title = {Was ist Überwachtes Lernen (Supervised Learning)? - Definition von Computer Weekly},
	url = {https://www.computerweekly.com/de/definition/Ueberwachtes-Lernen-Supervised-Learning},
	shorttitle = {Was ist Überwachtes Lernen (Supervised Learning)?},
	abstract = {Überwachtes Lernen ist ein Ansatz zur {KI}-Entwicklung, bei dem ein Algorithmus auf Daten trainiert wird, die für eine bestimmte Ausgabe gelabelt wurden.},
	titleaddon = {{ComputerWeekly}.de},
	urldate = {2024-11-10},
	langid = {german},
	file = {Snapshot:/Users/andreasbraig/Zotero/storage/MKGXT6XT/Ueberwachtes-Lernen-Supervised-Learning.html:text/html},
}

@collection{jahne_digitale_2005,
	location = {Berlin, Heidelberg},
	edition = {6., überarbeitete und erweiterte Auflage},
	title = {Digitale Bildverarbeitung},
	isbn = {978-3-540-24999-3 978-3-540-27384-4},
	series = {{SpringerLink} Bücher},
	pagetotal = {642},
	publisher = {Springer Berlin Heidelberg},
	editor = {Jähne, Bernd},
	date = {2005},
	langid = {german},
	doi = {10.1007/b138991},
	file = {Jähne - 2005 - Digitale Bildverarbeitung.pdf:/Users/andreasbraig/Zotero/storage/EP459XFB/Jähne - 2005 - Digitale Bildverarbeitung.pdf:application/pdf},
}

@online{noauthor_klassifikation_2022,
	title = {Klassifikation im Maschinellen Lernen » Lamarr-Blog},
	url = {https://lamarr-institute.org/de/blog/ml-klassifikation/},
	abstract = {Klassifikation ist eines der fundamentalen Denkwerkzeuge im Maschinellen Lernen. Mit ihm können existierende Lösungen auf neue Probleme übertragen werden.},
	urldate = {2024-11-10},
	date = {2022-05-18},
	langid = {german},
	file = {Snapshot:/Users/andreasbraig/Zotero/storage/ZWHBLKQW/ml-klassifikation.html:text/html},
}

@online{noauthor_machine_nodate-1,
	title = {Machine Learning Regression},
	url = {https://mailchimp.com/de/resources/machine-learning-regression/},
	abstract = {Erfahre, wie Machine Learning Regression Geschäftsentscheidungen unterstützt. Erfahre mehr über die verschiedenen Regressionstypen und wann du sie verwenden solltest.},
	titleaddon = {Mailchimp},
	urldate = {2024-11-10},
	langid = {german},
	file = {Snapshot:/Users/andreasbraig/Zotero/storage/MCMXX4UL/machine-learning-regression.html:text/html},
}

@online{team_keras_nodate,
	title = {Keras documentation: {KerasCV}},
	url = {https://keras.io/keras_cv/},
	shorttitle = {Keras documentation},
	abstract = {Keras documentation},
	author = {Team, Keras},
	urldate = {2024-11-11},
	langid = {english},
	file = {Snapshot:/Users/andreasbraig/Zotero/storage/C9A7QU5M/keras_cv.html:text/html},
}

@misc{wood_kerascv_2022,
	title = {{KerasCV}},
	url = {https://github.com/keras-team/keras-cv},
	author = {Wood, Luke and Tan, Zhenyu and Stenbit, Ian and Bischof, Jonathan and Zhu, Scott and Chollet, François and Sreepathihalli, Divyashree and Sampath, Ramesh and {others}},
	date = {2022},
}

@online{noauthor_cp_nodate,
	title = {{CP} Lab {\textbar} Festo {DE}},
	url = {https://www.festo.com/de/de/e/technische-bildung/bildungskonzepte/highlights/lernfabriken/cp-systeme-umfassende-i4-0-lernfabriken/cp-lab-id_36133/},
	urldate = {2024-11-11},
	file = {CP Lab | Festo DE:/Users/andreasbraig/Zotero/storage/DMWIT28C/cp-lab-id_36133.html:text/html},
}

@online{noauthor_festo_nodate,
	title = {Festo {AG} \& Co., Automatisierungstechnik, Marktführer bei Pneumatik-Komponenten},
	url = {http://www.xpertgate.de/firma/Festo/geschichte.html},
	urldate = {2024-11-11},
	file = {Festo AG & Co., Automatisierungstechnik, Marktführer bei Pneumatik-Komponenten:/Users/andreasbraig/Zotero/storage/6X4NQKTW/geschichte.html:text/html},
}

@misc{festo_didactic_se_cp_nodate,
	title = {{CP} Lab Industrie 4.0 von Anfang an},
	rights = {Public},
	url = {www.festo-didactic.de},
	author = {Festo Didactic {SE}},
	file = {dsi_CPlab_1058de(2)_screen.pdf:/Users/andreasbraig/Zotero/storage/MJDC4NHL/dsi_CPlab_1058de(2)_screen.pdf:application/pdf},
}

@online{melanie_data_2023,
	title = {Data Augmentation: Optimierung der Leistung von Deep Learning},
	url = {https://datascientest.com/de/data-augmentation-optimierung-der-leistung-von-deep-learning},
	shorttitle = {Data Augmentation},
	abstract = {Die Genauigkeit und Effektivität von Deep Learning hängt stark von der Qualität und Quantität der Lerndaten ab. Und obwohl wir uns voll und ganz im},
	titleaddon = {Weiterbildung Data Science {\textbar} {DataScientest}.com},
	author = {Melanie},
	urldate = {2024-11-15},
	date = {2023-07-22},
	langid = {german},
	file = {Snapshot:/Users/andreasbraig/Zotero/storage/4RHGID3W/data-augmentation-optimierung-der-leistung-von-deep-learning.html:text/html},
}

@online{walidamamou_data_2023,
	title = {data augmentation: What are its difficulties ?},
	url = {https://ubiai.tools/what-are-the-difficulties-associated-with-data-augmentation/},
	shorttitle = {data augmentation},
	abstract = {What are the difficulties associated with data augmentation? Check this article to get more informations about this topic.},
	titleaddon = {{UBIAI}},
	author = {walidamamou},
	urldate = {2024-11-15},
	date = {2023-11-16},
	langid = {american},
	file = {Snapshot:/Users/andreasbraig/Zotero/storage/6RGX8CC5/what-are-the-difficulties-associated-with-data-augmentation.html:text/html},
}

@online{mohsen_eng_2011,
	title = {Eng. Shady Mohsen blog: Graphical presentation of {RGB} 3d matrix},
	url = {https://eng-shady-mohsen.blogspot.com/2011/04/graphical-presentation-of-rgb-3d-matrix.html},
	shorttitle = {Eng. Shady Mohsen blog},
	titleaddon = {Eng. Shady Mohsen blog},
	author = {Mohsen, Shady},
	urldate = {2024-11-15},
	date = {2011-04-29},
	keywords = {Computational Science},
	file = {Blogspot Snapshot:/Users/andreasbraig/Zotero/storage/SQKX9ICR/graphical-presentation-of-rgb-3d-matrix.html:text/html},
}

@online{noauthor_google_nodate,
	title = {Google Colab},
	url = {https://colab.research.google.com/?hl=de#},
	urldate = {2024-11-19},
	langid = {german},
	file = {Snapshot:/Users/andreasbraig/Zotero/storage/7Y6FW2HI/colab.research.google.com.html:text/html},
}

@online{noauthor_numpylicensetxt_nodate,
	title = {numpy/{LICENSE}.txt at main · numpy/numpy},
	url = {https://github.com/numpy/numpy/blob/main/LICENSE.txt},
	abstract = {The fundamental package for scientific computing with Python. - numpy/numpy},
	titleaddon = {{GitHub}},
	urldate = {2024-11-23},
	langid = {english},
}

@online{melanie_overfitting_2023,
	title = {Overfitting: Was ist das? Wie kann man es vermeiden?},
	url = {https://datascientest.com/de/overfitting-was-ist-das-wie-kann-man-es-vermeiden},
	shorttitle = {Overfitting},
	abstract = {In diesem Artikel stellen wir dir einen der Stolpersteine von überwachten Lernalgorithmen vor, das Überlernen oder Overfitting auf Englisch. Was ist},
	titleaddon = {Weiterbildung Data Science {\textbar} {DataScientest}.com},
	author = {Melanie},
	urldate = {2024-11-26},
	date = {2023-04-30},
	langid = {german},
	file = {Snapshot:/Users/andreasbraig/Zotero/storage/FYDLGAN3/overfitting-was-ist-das-wie-kann-man-es-vermeiden.html:text/html},
}

@online{noauthor_neuronale_nodate,
	title = {Neuronale Netze • Was ist ein neuronales Netz?},
	url = {https://studyflix.de/informatik/neuronale-netze-4297},
	abstract = {Was sind neuronale Netze? ✅ Aufbau \& Funktionsweise anhand von Beispiel ✅ verschiedene Arten neuronaler Netze ✅ mit kostenlosem Video},
	titleaddon = {Studyflix},
	urldate = {2024-11-29},
	langid = {german},
	file = {Snapshot:/Users/andreasbraig/Zotero/storage/MELNZWRQ/neuronale-netze-4297.html:text/html},
}

@inproceedings{gao_demystifying_2019,
	title = {Demystifying Dropout},
	url = {https://proceedings.mlr.press/v97/gao19d.html},
	abstract = {Dropout is a popular technique to train large-scale deep neural networks to alleviate the overfitting problem. To disclose the underlying reasons for its gain, numerous works have tried to explain it from different perspectives. In this paper, unlike existing works, we explore it from a new perspective to provide new insight into this line of research. In detail, we disentangle the forward and backward pass of dropout. Then, we find that these two passes need different levels of noise to improve the generalization performance of deep neural networks. Based on this observation, we propose the augmented dropout which employs different dropping strategies in the forward and backward pass. Experimental results have verified the effectiveness of our proposed method.},
	eventtitle = {International Conference on Machine Learning},
	pages = {2112--2121},
	booktitle = {Proceedings of the 36th International Conference on Machine Learning},
	publisher = {{PMLR}},
	author = {Gao, Hongchang and Pei, Jian and Huang, Heng},
	urldate = {2024-12-05},
	date = {2019-05-24},
	langid = {english},
	note = {{ISSN}: 2640-3498},
	file = {Full Text PDF:/Users/andreasbraig/Zotero/storage/KT5HBZRU/Gao et al. - 2019 - Demystifying Dropout.pdf:application/pdf},
}

@online{sagar_what_2019,
	title = {What Does Freezing A Layer Mean And How Does It Help In Fine Tuning Neural Networks},
	url = {https://analyticsindiamag.com/ai-mysteries/what-does-freezing-a-layer-mean-and-how-does-it-help-in-fine-tuning-neural-networks/},
	abstract = {Freezing a layer, too, is a technique to accelerate neural network training by progressively freezing hidden layers.},
	titleaddon = {Analytics India Magazine},
	author = {Sagar, Ram},
	urldate = {2024-12-05},
	date = {2019-05-25},
	langid = {american},
	file = {Snapshot:/Users/andreasbraig/Zotero/storage/MN2GLZHZ/what-does-freezing-a-layer-mean-and-how-does-it-help-in-fine-tuning-neural-networks.html:text/html},
}

@online{noauthor_kamerainspektion_nodate,
	title = {Kamerainspektion - Festo Didactic {InfoPortal}},
	url = {https://ip.festo-didactic.com/Infoportal/CPFactoryLab/hardware/details.php?model=CP-AM-CAM&lang=de},
	urldate = {2024-12-08},
	file = {Kamerainspektion - Festo Didactic InfoPortal:/Users/andreasbraig/Zotero/storage/K8U73YXR/details.html:text/html},
}

@online{storage_cpu_2022,
	title = {{CPU} versus {GPU} für maschinelles Lernen},
	url = {https://blog.purestorage.com/de/purely-bildung-de/cpu-versus-gpu-fuer-maschinelles-lernen/},
	abstract = {In diesem Artikel werden die {CPU} mit einer {GPU} sowie deren Anwendungen für maschinelles Lernen, neuronale Netzwerke und Deep Learning verglichen.},
	titleaddon = {Blog Home},
	author = {Storage, Pure},
	urldate = {2024-12-08},
	date = {2022-09-22},
	langid = {german},
	file = {Snapshot:/Users/andreasbraig/Zotero/storage/TKIHGFW6/cpu-versus-gpu-fuer-maschinelles-lernen.html:text/html},
}

@online{noauthor_general_nodate,
	title = {General Python {FAQ}},
	url = {https://docs.python.org/3/faq/general.html},
	abstract = {Contents: General Python {FAQ}- General Information- What is Python?, What is the Python Software Foundation?, Are there copyright restrictions on the use of Python?, Why was Python created in the fi...},
	titleaddon = {Python documentation},
	urldate = {2024-12-08},
	langid = {english},
	file = {Snapshot:/Users/andreasbraig/Zotero/storage/CRWYEBRB/general.html:text/html},
}

@online{noauthor_what_nodate,
	title = {What is Python? Executive Summary},
	url = {https://www.python.org/doc/essays/blurb/},
	shorttitle = {What is Python?},
	abstract = {The official home of the Python Programming Language},
	titleaddon = {Python.org},
	urldate = {2024-12-08},
	langid = {english},
	file = {Snapshot:/Users/andreasbraig/Zotero/storage/PZS8Y7KG/blurb.html:text/html},
}

@online{noauthor_paul_nodate,
	title = {Paul Romer},
	url = {https://paulromer.net/jupyter-mathematica-and-the-future-of-the-research-paper/},
	urldate = {2024-12-08},
	file = {Paul Romer:/Users/andreasbraig/Zotero/storage/KMUXH24A/jupyter-mathematica-and-the-future-of-the-research-paper.html:text/html},
}

@online{noauthor_google_nodate-1,
	title = {Google Colab},
	url = {https://research.google.com/colaboratory/faq.html},
	urldate = {2024-12-08},
	file = {Google Colab:/Users/andreasbraig/Zotero/storage/6Y2VBK22/faq.html:text/html},
}

@online{noauthor_industrielle_nodate,
	title = {Industrielle Bildverarbeitung - Mehr als nur Kameras},
	url = {https://www.blumenbecker.com/de/industrie-automation/industrielle-bildverarbeitung},
	abstract = {Für unsere industrielle Bildverarbeitung haben wir eine eigene Software entwickelt, die die Leistungsfähigkeit der Sensoren und Kameras maximal ausreizt.},
	titleaddon = {Internationaler Industriedienstleister},
	urldate = {2025-01-07},
	langid = {german},
}

@online{noauthor_industrielle_nodate-1,
	title = {Industrielle Bildverarbeitung - Hefel Technik},
	url = {https://www.hefel-technik.com/industrielle-bildverarbeitung},
	abstract = {Ob Fehlererkennung, Vermessung, Code-Kontrolle oder Positionierung - Die Bildverarbeitungslösungen von Hefel Technik kommen überall zum Einsatz.},
	urldate = {2025-01-07},
	langid = {austrian},
}

@online{noauthor_industrielle_nodate-2,
	title = {Industrielle Bildverarbeitung},
	url = {https://wiki.induux.de/Industrielle_Bildverarbeitung},
	urldate = {2025-01-07},
}

@online{noauthor_grundlagen_nodate,
	title = {Grundlagen der industriellen Bildverarbeitung: Definitionen, Anwendungen und Vorteile {\textbar} Cognex},
	url = {https://www.cognex.com/de-de/what-is/machine-vision},
	urldate = {2025-01-07},
}

@online{mohr_industrielle_2023,
	title = {Industrielle Bildverarbeitung: Grundlagen, Anwendungen und Vorteile},
	url = {https://www.inovex.de/de/blog/industrielle-bildverarbeitung-grundlagen-anwendungen-und-vorteile/},
	shorttitle = {Industrielle Bildverarbeitung},
	abstract = {Automatisierung, Qualitätskontrolle und Effizienzsteigerung durch die Analyse von Bildern. Wir beleuchten Grundlagen, Anwendungen, Herausforderungen und die Vorteile.},
	titleaddon = {inovex {GmbH}},
	author = {Mohr, Sina Buchmüller, Kamilla, Jasmin Schmidt},
	urldate = {2025-01-07},
	date = {2023-10-19},
	langid = {german},
	file = {Snapshot:/Users/andreasbraig/Zotero/storage/TF8DMY6I/industrielle-bildverarbeitung-grundlagen-anwendungen-und-vorteile.html:text/html},
}

@online{noauthor_darum_nodate,
	title = {Darum geht's in der industriellen Bildverarbeitung},
	url = {https://www.bci-gmbh.de/industrielle-bildverarbeitung-loesungen/},
	abstract = {Mit Bildaufnahme-Kameras + automatisch auswertender Software komplexe industrielle Prüfaufgaben zuverlässig \& mit wiederholbaren Ergebnissen ausführen.},
	titleaddon = {bci {GmbH}},
	urldate = {2025-01-07},
	langid = {american},
	file = {Snapshot:/Users/andreasbraig/Zotero/storage/Y5SPVGVD/industrielle-bildverarbeitung-loesungen.html:text/html},
}

@online{noauthor_leitfaden_nodate,
	title = {Leitfaden zur Industriellen Bildverarbeitung - Band 1},
	url = {https://www.vision.fraunhofer.de/de/publikationen/leitfaeden/band-1.html},
	abstract = {Der Leitfaden zur industriellen Bildverarbeitung gibt einen ersten Einstieg in das Thema der industriellen Bildverarbeitung, vor allem für den Einsatz in der Qualitätssicherung.},
	titleaddon = {Fraunhofer-Gesellschaft},
	urldate = {2025-01-07},
	langid = {german},
	file = {Snapshot:/Users/andreasbraig/Zotero/storage/JVXJGJNZ/band-1.html:text/html},
}

@online{noauthor_industrielle_2023,
	title = {Die industrielle Bildverarbeitung demokratisieren},
	url = {https://www.messweb.de/messtechnik-newsletter-bildverarbeitung/2023/1/ki-demokratisiert-die-industrielle-bildverarbeitung},
	abstract = {Mehr Produktivität und bessere Qualität - wie {KI}-basierte Bildverarbeitungstechnologie wie die von Cognex Unternehmen dabei helfen kann, ihre Fertigungsprozesse einfach zu automatisieren.},
	urldate = {2025-01-07},
	date = {2023-05-24},
	langid = {german},
	file = {Snapshot:/Users/andreasbraig/Zotero/storage/X27I8V3G/ki-demokratisiert-die-industrielle-bildverarbeitung.html:text/html},
}

@misc{fraunhofer_fraunhofer-vision-leitfaden-2-optische-3d-messtechnikpdf_nodate,
	title = {fraunhofer-vision-leitfaden-2-optische-3d-messtechnik.pdf},
	author = {Fraunhofer},
	urldate = {2025-01-07},
	file = {fraunhofer-vision-leitfaden-2-optische-3d-messtechnik.pdf:/Users/andreasbraig/Zotero/storage/SWP9L3I4/fraunhofer-vision-leitfaden-2-optische-3d-messtechnik.pdf:application/pdf},
}

@online{kucera_geschichte_2012,
	title = {Die Geschichte der industriellen Bildverarbeitung},
	url = {https://www.elektronikpraxis.de/die-geschichte-der-industriellen-bildverarbeitung-a-381077/},
	abstract = {Während die Messe „Vision“ im Jahr 2012 in die 25. Runde ging, blickte die „Fraunhofer-Allianz Vision“ auf ihr 15-jähriges Bestehen zurück. Die Anfänge der Fraunhofer-Forschung in Sachen Bildverarbeitung reichen bis in die 70er Jahre.},
	titleaddon = {{ELEKTRONIKPRAXIS}},
	author = {Kucera, Gerd},
	urldate = {2025-01-09},
	date = {2012-10-09},
	langid = {german},
	file = {Snapshot:/Users/andreasbraig/Zotero/storage/QW6ZDDZA/die-geschichte-der-industriellen-bildverarbeitung-a-381077.html:text/html},
}

@online{noauthor_edge_nodate,
	title = {Edge {AI} - ausführliche Erklärung aus dem {KI}-Lexikon},
	url = {https://www.dogado.de/ki-lexikon/edge-ai},
	abstract = {Entdecke die faszinierende Welt von Edge {AI}! In unserem Artikel…},
	titleaddon = {dogado.de},
	urldate = {2025-01-09},
	langid = {german},
	file = {Snapshot:/Users/andreasbraig/Zotero/storage/TDACISZH/edge-ai.html:text/html},
}

@online{software_3_2023,
	title = {3 von Gartner identifizierte {KI}-Trends, die Sie 2024 im Auge behalten sollten},
	url = {https://zeenea.com/de/3-von-gartner-identifizierte-ki-trends-die-sie-2024-im-auge-behalten-sollten/},
	abstract = {Auf dem Gartner Data \& Analytics Summit 2023 teilte das Unternehmen seine Sicht auf die Trends, welche die Zukunft der Data Science beeinflussen werden.},
	titleaddon = {Zeenea},
	author = {Software, Zeenea},
	urldate = {2025-01-09},
	date = {2023-12-11},
	langid = {german},
	file = {Snapshot:/Users/andreasbraig/Zotero/storage/SIZ8KQAC/3-von-gartner-identifizierte-ki-trends-die-sie-2024-im-auge-behalten-sollten.html:text/html},
}

@online{noauthor_5_nodate,
	title = {5 {AI} Trends That Will Dominate 2025, From Apple to Agents and Beyond},
	url = {https://www.adweek.com/media/5-ai-trends-2025/},
	urldate = {2025-01-09},
	file = {5 AI Trends That Will Dominate 2025, From Apple to Agents and Beyond:/Users/andreasbraig/Zotero/storage/C3SD9A8Z/5-ai-trends-2025.html:text/html},
}

@online{ostwal_5_2025,
	title = {5 {AI} Trends That Will Dominate 2025, From Apple to Agents and Beyond},
	url = {https://www.adweek.com/media/5-ai-trends-2025/},
	abstract = {{AI}’s evolving ability to reason more effectively and retain more context means brands can stay ahead of the competition.},
	author = {Ostwal, Trishla},
	urldate = {2025-01-09},
	date = {2025-01-02},
	langid = {american},
	file = {Snapshot:/Users/andreasbraig/Zotero/storage/QGGCVMMH/5-ai-trends-2025.html:text/html},
}

@online{noauthor_vier_2011,
	title = {Vier 3D-Verfahren und ihre Unterschiede},
	url = {https://www.computer-automation.de/bildverarbeitung/vier-3d-verfahren-und-ihre-unterschiede.htm},
	abstract = {Bildverarbeitung in 3D liegt im Trend, das bestätigen die Zahlen des {VDMA}: Von 2008 bis 2009 stieg der Anteil des dreidimensionalen Messens an der...},
	urldate = {2025-01-09},
	date = {2011-07-11},
	langid = {german},
}

@online{noauthor_time--flight-_nodate,
	title = {Time-of-Flight- und andere 3D-Technologien im Überblick {\textbar} wileyindustrynews.com},
	url = {https://www.wileyindustrynews.com/news/time-flight-und-andere-3d-technologien-im-ueberblick},
	urldate = {2025-01-09},
}

@online{noauthor_3d_nodate,
	title = {3D Image Processing},
	url = {https://de.mathworks.com/solutions/image-video-processing/3d-image-processing.html},
	abstract = {Erfahren Sie, wie Sie Aufgaben der 3D-Bildverarbeitung wie z. B. Bildregistrierung oder -segmentierung durchführen können. Das Angebot an Ressourcen umfasst neben Videos auch Beispiele und Dokumentationen zu Konzepten der 3D-Bildverarbeitung.},
	urldate = {2025-01-09},
	langid = {german},
	file = {Snapshot:/Users/andreasbraig/Zotero/storage/Q476IQMF/3d-image-processing.html:text/html},
}

@online{noauthor_ranger3_nodate,
	title = {⁣Ranger3 - Industrielle Bildverarbeitung {\textbar} {SICK}},
	url = {https://www.sick.com/de/de/catalog/produkte/industrielle-bildverarbeitung-und-identifikation/industrielle-bildverarbeitung/ranger3/c/g448354},
	urldate = {2025-01-09},
	file = {Ranger3 - Industrielle Bildverarbeitung | SICK:/Users/andreasbraig/Zotero/storage/IP3AJWH2/g448354.html:text/html},
}

@online{noauthor_machine_nodate-2,
	title = {⁣Machine Vision zur exakten Qualitätsprüfung {\textbar} Balluff},
	url = {https://www.balluff.com/de-de/products/areas/A0005/groups/G0501},
	urldate = {2025-01-09},
}

@online{noauthor_bvs_nodate,
	title = {⁣{BVS} {VisionSensor} {\textbar} Balluff},
	url = {https://www.balluff.com/de-de/products/areas/A0005/groups/G0501/products/F05108},
	urldate = {2025-01-10},
	file = {BVS VisionSensor | Balluff:/Users/andreasbraig/Zotero/storage/6AWE8KIE/F05108.html:text/html},
}

@video{balluff_worldwide_vision_2024,
	title = {Vision Sensor neu gedacht - Der {BVS}-{VS} von Balluff im Einsatz},
	url = {https://www.youtube.com/watch?v=U9--2ksEwIc},
	abstract = {Rennwagen werden gebaut um Höchstleistungen zu bringen. Dafür müssen aber alle Bauteile montiert und an der richtigen Stelle sein und alles zusammen passen. Genau wie bei euch in der Produktion. Wenn irgendwo ein Bauteil fehlt, bedeutet das ein Problem und das gilt es zu vermeiden. Und genau das könnt ihr mit unserem {BVS} Vision-Sensor. 

Wir zeigen euch, wie der {BVS}-Vision-Sensor von Balluff in der Praxis eingesetzt wird, und was euch das für Vorteile bringt. Der Sensor nutzt sowohl {AI}-basierte Tools wie "Objekte prüfen" als auch klassische Methoden wie Blob- und Helligkeitskontrolle, um präzise Ergebnisse zu liefern. 

Der {BVS} zeichnet sich durch seine einfache Bedienbarkeit aus, die es ermöglicht, ohne tiefgreifendes Fachwissen in der Bildverarbeitung effektiv zu arbeiten. Mit Schnittstellen wie {IO}-Link, {ProfiNET}, {EthernetIP}, {MQTT} und Rest {API} bietet der Sensor flexible Anbindungsmöglichkeiten für verschiedene industrielle Anwendungen. 

Dieses Video ist ideal für alle, die an der Integration von fortschrittlichen und einfachen Vision-Sensoren in Ihre Prozesse interessiert sind, besonders in Bereichen wie der Automobilindustrie, wo Präzision und Effizienz entscheidend sind. 

Schaut euch das Video an, um mehr über die Funktionsweise und die Vorteile des {BVS}-Vision-Sensors zu erfahren.

► Direkt zum Produkt: 
https://www.balluff.com/de-de/product...

▬▬▬ Mehr von Balluff ▬▬▬
► Unsere Website: https://www.balluff.com
► Unser Blog: https://www.innovating-automation.blog

▬▬▬ Soziale Medien ▬▬▬
► Instagram:   / balluff\_worldwide  
► Facebook:   / balluffworldwide  
► {LinkedIn}:   / balluff-emea  
► {TikTok}:   / balluffworldwide  

▬▬▬ Über Balluff ▬▬▬
Balluff ist ein engagierter Partner für die industrielle Automatisierung mit mehr als 60 Jahren Erfahrung in der Sensortechnik. Das mittelständische Familienunternehmen in der 4. Generation mit Hauptsitz in Neuhausen auf den Fildern bietet seinen Kunden umfassende Sensor- und Systemlösungen aus einer Hand. Mit fast 3.900 Mitarbeitern, sieben Produktionsstandorten, mehr als 30 Vertriebsbüros und Vertretungen weltweit ist Balluff in 61 Ländern aktiv. Dadurch kann das Unternehmen seinen Kunden weltweit schnelle Lieferzeiten sowie eine hohe Beratungs- und Servicequalität vor Ort garantieren.

\#Balluff \#{BalluffWorldwide} \#Technology \#Technologies},
	author = {{Balluff Worldwide}},
	urldate = {2025-01-10},
	date = {2024-11-27},
}

@online{noauthor_ranger3_nodate-1,
	title = {Ranger3: der neue Standard in der industriellen 3D-Bildverarbeitung - High Speed und Präzision kombiniert mit Kompaktheit und Energieeffizienz {\textbar} {SICK}},
	url = {https://www.sick.com/de/de/ranger3-der-neue-standard-in-der-industriellen-3d-bildverarbeitung-high-speed-und-praezision-kombiniert-mit-kompaktheit-und-energieeffizienz/w/press-2018-vision-Ranger3/},
	urldate = {2025-01-10},
	file = {Ranger3\: der neue Standard in der industriellen 3D-Bildverarbeitung - High Speed und Präzision kombiniert mit Kompaktheit und Energieeffizienz | SICK:/Users/andreasbraig/Zotero/storage/Z2M5DZ4H/press-2018-vision-Ranger3.html:text/html},
}

@misc{sick_quickstart_nodate,
	title = {Quickstart {SICK} {TriSpector}1000},
	author = {{SICK}},
	langid = {german},
	file = {Hauptfenster und Gerätefenster - Parameter auf Grundeinstellungen zurücksetzen.pdf:/Users/andreasbraig/Zotero/storage/EYNEFQ5E/Hauptfenster und Gerätefenster - Parameter auf Grundeinstellungen zurücksetzen.pdf:application/pdf},
}

@online{sick_quickstart_trispectorp1000_de_im0077905pdf_nodate,
	title = {quickstart\_TriSpectorP1000\_de\_IM0077905.pdf},
	url = {https://www.sick.com/media/docs/5/05/905/quickstart_TriSpectorP1000_de_IM0077905.PDF},
	author = {{SICK}},
	urldate = {2025-01-10},
	file = {quickstart_TriSpectorP1000_de_IM0077905.pdf:/Users/andreasbraig/Zotero/storage/F4QM278P/quickstart_TriSpectorP1000_de_IM0077905.pdf:application/pdf},
}

@online{noauthor_computer_2022,
	title = {Computer Vision für Finance [Teil 2]: Convolutional Neural Networks},
	url = {https://www.finbridge.de/ml-artikel/2022/09/08/computer-vision-fuer-finance-teil-2},
	shorttitle = {Computer Vision für Finance [Teil 2]},
	abstract = {Wie funktioniert ein Convolutional Neural Network ({CNN}) für Computer Vision?   Im  ersten Teil  haben wir vorgestellt, was die wichtigsten Anwendungen für Computer Vision für das Finanzwesen sind. Dazu zählen u.a. die Re-Digitalisierung von Dokumenten oder die Verifizierung von biometrischen Daten u},
	titleaddon = {Finbridge {GmbH} \& Co {KG}},
	urldate = {2025-03-01},
	date = {2022-09-08},
	langid = {german},
	file = {Snapshot:/Users/andreasbraig/Zotero/storage/Y79GVFFA/computer-vision-fuer-finance-teil-2.html:text/html},
}

@online{erfassung_convolutional_nodate,
	title = {Convolutional Neural Networks ({CNN}) und Deep Learning},
	url = {https://www.intel.com/content/www/de/de/internet-of-things/computer-vision/convolutional-neural-networks.html},
	abstract = {Erfahren Sie mehr über revolutionäre neuronale Netzwerke, deren Verbindung zu Deep Learning und Computervision und ihren Wert in der Zukunft.},
	titleaddon = {Intel},
	author = {Erfassung, Viele der heutigen neuen und innovativen Anwendungen für künstliche Intelligenzverwenden {CNN}-basierte Deep Learning-Technologie zur and Video-, Interpretation und Analyse verschiedener Arten von and {CNNs}, Audio-und Textdaten Aber was sind and Gebildet, Wie Werden Sie and {KI}, und was ist ihre Verbindung zum Deep Learning? Erfahren Sie mehr über die Grundlagen von and macht, Deep Learning und Computer Vision und wie Intel® Technik dies alles möglich},
	urldate = {2025-03-01},
	langid = {german},
	file = {Snapshot:/Users/andreasbraig/Zotero/storage/NRGRMI4X/convolutional-neural-networks.html:text/html},
}
